<?xml version="1.0" encoding="UTF-8"?><collection xmlns="http://www.loc.gov/MARC21/slim"><record><leader>00456nam--2200145-i-4500</leader><controlfield tag="001">000037207</controlfield><controlfield tag="002">20161230</controlfield><controlfield tag="005">20170116005404</controlfield><controlfield tag="008">060222s1000------------r-----000-0-eng-d</controlfield><datafield ind1=" " ind2=" " tag="080"><subfield code="a">3CP(R)-2+R(047)</subfield></datafield><datafield ind1=" " ind2=" " tag="245"><subfield code="a">Programul sesiunii stiintifice festive consacrata aniversarii semicentenarului pcr. 12-14 aprilie 1971</subfield></datafield><datafield ind1=" " ind2=" " tag="260"><subfield code="a">Bucuresti</subfield><subfield code="b">Comitetul De Stat Pentru Energia Nucleara, Ifa</subfield></datafield><datafield ind1=" " ind2=" " tag="300"><subfield code="a">129 p</subfield></datafield><datafield ind1=" " ind2=" " tag="852"><subfield code="a">34124</subfield></datafield><datafield ind1=" " ind2=" " tag="CAT"><subfield code="a">SYS</subfield><subfield code="c">20170116</subfield><subfield code="h">005404</subfield></datafield></record></collection>